% doc/literatur.bib
% Quellen
%
% Ausarbeitung zur Diplomarbeit Nr. 2035 - "Erzeugung und Evaluierung 
% von Oktalbaumstruktueren als Schnittstelle zu CAD-Programmen"
%   
% Autor: Stefan Mahler 2002
%   Universitaet Stuttgart, SgS
% Betreuer: Ralf Mundani

%%% Octrees

@PhdThesis{ diss_oct,
  author  = {A. Chr. Frank},
  title   = {Organisationsprinzipien zur Integration von geometrischer 
             Modellierung, numerischer Simulation und Visualisierung},
  year    = 2000,
  school  = {TU M\"unchen, Institut f. Informatik},
  note    = {Utz-Verlag}
}

@MastersThesis{ dipl_anw_oct,
  author  = {St. Jaksch},
  title   = {Facettierung dreidimensionaler Gebiete und Gittergenerierung
             unter Verwendung von Octree-Datenstrukturen},
  year    = 2001,
  month   = dec,
  school  = {TU M\"unchen, Fakult\"at f\"ur Bauingenieur- und Vermessungswesen},
  note    = {\url{http://www.inf.bauwesen.tu-muenchen.de/personen/crouse/
	    dokumente/diploma_thesis_jaksch.pdf}}
}

@InProceedings{ konvex_polygon_anw_oct,
  author    = {R.-P. Mundani},
  title     = {Effiziente Erzeugung und Bearbeitung von Oktalbaummodellen},
  booktitle = {2. Workshop Arbeitsgruppe Produktmodell},
  year      = 2002,
  month     = feb,
  address   = {Universit\"at Weimar},
  organisation = {DFG-Schwerpunktprogramm 1103 - Vernetzt-Kooperative 
		    Planungsprozesse im konstruktiven Ingeneurbau},
  note      = {\url{http://www.iib.bauing.tu-darmstadt.de/dfg-spp1103/de/downloads/modelle/protokoll_02_02_20_weimar_modelle.pdf}}
}

%%% Algemein

@Book{ bungartz,
  author  = {{Bungartz, H.-J.; Griebel, M.; Zenger, Chr.}},
  title   = {Einf\"uhrung in die Computergraphik},
  publisher = {Vieweg},
  year    = 2002
}

@Misc{ gl_modell_sim,
  author  = {H.-J. Bungartz},
  title   = {Vorlesungsunterlagen zu 'Grundlagen der Modellbildung und 
             Simulation},
  year    = 2002,
  note    = {\url{http://www.informatik.uni-stuttgart.de/ipvr/sgs/lehre/vorlesungen/modell_und_simulation_ws02.html}}
}

@Book{ comp_graf,
  author  = {{Brüderlin, B.; Meier, A.}},
  title   = {Computergrafik und geometrisches Modellieren},
  publisher = {Teubner},
  year    = 2001
}

@Book{ aumann_spitzmueller,
  author  = {{Aumann, G.; Spitzm"uller, K.}},
  title   = {Computerorientierte Geometrie},
  publisher = {BI},
  year    = 1993
}

@Book{ pareigis,
  author  = {B. Pareigis},
  title   = {Analytische und projektive Geometrie für die Computer-Graphik},
  publisher = {Teubner},
  year    = 1990
}

@Book{ abramowski,
  author  = {{Abramowski, S.; M"uller, H.}},
  title   = {Geometrisches Modellieren},
  publisher = {BI},
  year    = 1991
}

@Book{ farin,
  author  = {G. Farin},
  title   = {Kurven und Fl"achen im Computer Aided Geometric Design},
  publisher = {Vieweg},
  year    = 1994
}

@Misc{ point_in_polygon,
  author  = {A. Shavit},
  title   = {Collision Detection Tutorial},
  note    = {\url{http://www.cfxweb.net/~cfxamir/cd3.html}},
  year    = {2000-2001}
}

%%% Splines & Nurbs

@Book{ nurbs_book,
  author  = {{Piegl, L.; Tiller, W.}},
  title   = {The NURBS book},
  publisher = {Springer},
  year    = 1997,
  edition = {2.}
}

@Book{ boor,
  author  = {C. de Boor},
  title   = {A Practical Guide to Splines},
  publisher = {Springer},
  year    = 1987,
  edition = {4.}
}
  
@Book{ boor2,
  author  = {C. de Boor},
  title   = {Splinefunktionen},
  publisher = {Birkh\"auser},
  year    = 1990,
  institution = {ETH Z\"urich}
}

%%% DXF

@Manual{ dxf_ref,
  author = {autodesk},
  title  = {DXF Reference Guide},
  edition = {AutoCAD 2002},
  year   = 2002,
  note   = {\url{http://www.autodesk.com/techpubs/autocad/dxf/}}
}

@Book{ datform_ref,
  author = {G. Born},
  title  = {Referenzhandbuch Dateiformate},
  publisher = {Addison-Wesley-Longman},
  year  = 1997
}

%%% C++

@Book{ stl,
  author  = {U. Breymann},
  title   = {Komponenten entwerfen mit der C++ STL},
  publisher = {Addison-Wesley},
  year    = 1999
}

@Book{ algo_cpp,
  author  = {R. Sedgewick},
  title   = {Algorithmen in C++},
  publisher = {Addison-Wesley},
  year    = 1994
}

@Book{ prgspr_cpp,
  author  = {B. Stroustrup},
  title   = {Die C++-Programmiersprache},
  publisher = {Addison-Wesley},
  year    = 1995
}

%%% DXF - Libraries

@Misc{ dime,
  author = {Coin3D},
  title  = {Dime - DXF Import, Manipulation, and Export library v0.9.1},
  note = {\url{http://www.coin3d.org/Dime/about.php}},
  year = 2002,
  month = oct
}

@Misc{ dxflib,
  author = {A. Mustun},
  title  = {dxflib v0.1.2},
  note = {\url{http://dxflib.sourceforge.net}},
  year = 2002,
  month = apr
}

@Misc{ libdxf,
  author = {D. Barrero},
  title  = {libdxf v0.7},
  note = {\url{http://members.tripod.com/dbarrero/software/libdxf.tar.gz}},
  year = 1997,
  month = jul
}

@Misc{ dxfview,
  author = {A. M. Rammelt},
  title = {DXF Viewer Applet/Application [Java] v1.21.00beta},
  note = {\url{http://www.escape.de/users/quincunx/dxfviewer/}},
  year = 2002,
  month = may
}

@Misc{ iges_docu,
  author = {{Matra~Datavision}},
  title = {OpenCASCADE --~Data Exchange User's Guide~-- IGES FORMAT v3.0},
  year = 2000,
  month = mar,
  note = {\url{http://www.opencascade.org/frame.php?page=version/doc.html}
          : \texttt{dataexchange/IGESSTD.PDF}, Teil von \texttt{htmlhelp.zip}}
}

@Misc{ step_docu,
  author = {{Matra~Datavision}},
  title = {OpenCASCADE -- Data Exchange User's Guide -- STEP 
	  AP 214 - AP 203 FORMATS v3.0},
  year = 2000,
  month = mar,
  note =  {\url{http://www.opencascade.org/frame.php?page=version/doc.html}
          : \texttt{dataexchange/STEPSTD.PDF}, Teil von \texttt{htmlhelp.zip}}
}

%%% Doxygen

@Misc{ doxygen,
  author = {D. van Heesch},
  title = {Doxygen v. 1.2.16},
  note = {\url{http://www.stack.nl:80/~dimitri/doxygen/}},
  year = 2002,
  month = apr
}

%% End of Document